
@book{felsner12,
	Author = {Felsner, Stefan},
	Isbn = {3322803031},
	Publisher = {Springer Science \& Business Media},
	Title = {Geometric graphs and arrangements: some chapters from combinatorial geometry},
	Ty = {BOOK},
	Year = {2012}}
	
@inproceedings{fs17,
  	title={Arrangements of pseudocircles: triangles and drawings},
  	author={Felsner, Stefan and Scheucher, Manfred},
  	booktitle={International Symposium on Graph Drawing and Network Visualization},
  	pages={127--139},
  	year={2017},
  	organization={Springer}
}

@inproceedings{af13h,
	title = {Henneberg steps for triangle representations},
	author = {Aerts, Nieke and Felsner, Stefan},
	booktitle = {The Seventh European Conference on Combinatorics, Graph Theory and Applications},
	journal = {The Seventh European Conference on Combinatorics, Graph Theory and Applications},
	pages = {503--509},
	year = {2013},
	organization = {Springer}
}

@inproceedings{af13,
	title = {Straight line triangle representations},
	author = {Aerts, Nieke and Felsner, Stefan},
	booktitle = {International Symposium on Graph Drawing},
	journal = {International Symposium on Graph Drawing},
	pages = {119--130},
	year = {2013},
	organization = {Springer}
}

@article{af15,
	Author = {Aerts, Nieke and Felsner, Stefan},
	Journal = {J. Graph Algorithms Appl.},
	Number = {1},
	Pages = {467--505},
	Title = {Straight Line Triangle Representations via Schnyder Labelings},
	Ty = {JOUR},
	Volume = {19},
	Year = {2015}}

@article{schnyder90,
  title={Embedding planar graphs on the grid},
  author={Schnyder, Walter},
  booktitle={Proceedings of the first annual ACM-SIAM symposium on Discrete algorithms},
  pages={138--148},
  year={1990},
  organization={Society for Industrial and Applied Mathematics}
}

@article{felsner01,
	Author = {Felsner, Stefan},
	Journal = {Order},
	Number = {1},
	Pages = {pp. 19--37},
	Publisher = {Springer},
	Title = {Convex drawings of planar graphs and the order dimension of 3-polytopes},
	Volume = {18},
	Year = {2001}}

@article{schnyder89,
	Author = {Schnyder, Walter},
	Journal = {Order},
	Number = {4},
	Pages = {pp. 323--343},
	Publisher = {Springer},
	Title = {Planar graphs and poset dimension},
	Volume = {5},
	Year = {1989},
	Bdsk-Url-1 = {http://dx.doi.org/10.1007/BF00353652}
}
	
@article{fary48,
  title={On straight-line representation of planar graphs},
  author={F{\'a}ry, Istv{\'a}n},
  journal={Acta Sci. Math.},
  volume={11},
  pages={229--233},
  year={1948}
}

@article{tutte63,
	Author = {Tutte, William Thomas},
	Journal = {Proceedings of the London Mathematical Society},
	Number = {1},
	Pages = {743--767},
	Publisher = {Wiley Online Library},
	Title = {How to draw a graph},
	Volume = {3},
	Year = {1963}}
	
@article{felsner04,
  	title={Lattice structures from planar graphs},
  	author={Felsner, Stefan},
  	journal={The electronic journal of combinatorics},
  	volume={11},
  	number={1},
  	pages={15},
  	year={2004}}
	
@phdthesis{fusy07,
  	title={Combinatoire des cartes planaires et applications algorithmiques},
  	Author={Fusy, {\'E}ric},
  	year={2007},
  	school={LIX Ecole Polytechnique}
}

@article{hu,
  title={Multi-commodity network flows},
  author={Hu, T Chiang},
  journal={Operations research},
  volume={11},
  number={3},
  pages={344--360},
  year={1963},
  publisher={INFORMS}
}

@article{lov99,
  title={Geometric representations of graphs},
  author={Lov{\'a}sz, L{\'a}szl{\'o} and Vesztergombi, Katalin},
  journal={Paul Erdos and his Mathematics},
  year={1999}
}

@article{bfm07,
  title={Convex drawings of 3-connected plane graphs},
  author={Bonichon, Nicolas and Felsner, Stefan and Mosbah, Mohamed},
  journal={Algorithmica},
  volume={47},
  number={4},
  pages={399--420},
  year={2007},
  publisher={Springer}
}

@manual{sage,
  Key          = {Sage},
  Author       = {W.\thinspace{}A. Stein and others},
  Organization = {The Sage Development Team},
  Title        = {{S}age {M}athematics {S}oftware ({V}ersion 8.3)},
  note         = {http://www.sagemath.org},
  Year         = {2018},
}

@manual{glpk,
  Key          = {Glpk},
  Title        = {{G}NU {L}inear {P}rogramming {K}it ({V}ersion 8.3)},
  note         = {http://www.gnu.org/software/glpk/},
  Year         = {2012},
}

@article{leighton99,
  title={Multicommodity max-flow min-cut theorems and their use in designing approximation algorithms},
  author={Leighton, Tom and Rao, Satish},
  journal={Journal of the ACM (JACM)},
  volume={46},
  number={6},
  pages={787--832},
  year={1999},
  publisher={ACM}
}

@article{fusy09,
  title={Uniform random sampling of planar graphs in linear time},
  author={Fusy, {\'E}ric},
  journal={Random Structures \& Algorithms},
  volume={35},
  number={4},
  pages={464--522},
  year={2009},
  publisher={Wiley Online Library}
}


